<record><leader>00000cas a2200000 a 4500</leader><controlfield tag="001">6380797</controlfield><controlfield tag="008">800602d19791980gu dr ne      0    0eng  </controlfield><datafield ind1=" " ind2=" " tag="010"><subfield code="a">sn 87062210 </subfield></datafield><datafield ind1=" " ind2=" " tag="040"><subfield code="a">HUH</subfield><subfield code="b">eng</subfield><subfield code="c">HUH</subfield><subfield code="d">DLC</subfield><subfield code="d">OCL</subfield><subfield code="d">DLC</subfield><subfield code="d">OCLCF</subfield><subfield code="d">OCLCO</subfield></datafield><datafield ind1="1" ind2=" " tag="029"><subfield code="a">AU@</subfield><subfield code="b">000020477508</subfield></datafield><datafield ind1=" " ind2=" " tag="042"><subfield code="a">pcc</subfield></datafield><datafield ind1=" " ind2=" " tag="043"><subfield code="a">pogu---</subfield></datafield><datafield ind1="1" ind2="0" tag="050"><subfield code="a">Newspaper</subfield></datafield><datafield ind1=" " ind2=" " tag="090"><subfield code="a">AP7</subfield><subfield code="b">.G83</subfield></datafield><datafield ind1="0" ind2="4" tag="245"><subfield code="a">The Guam tribune.</subfield></datafield><datafield ind1=" " ind2=" " tag="260"><subfield code="a">Agana, Guam :</subfield><subfield code="b">M.V. Pangilinan,</subfield><subfield code="c">1979-1980.</subfield></datafield><datafield ind1=" " ind2=" " tag="300"><subfield code="a">1 v. :</subfield><subfield code="b">ill. ;</subfield><subfield code="c">42 cm.</subfield></datafield><datafield ind1=" " ind2=" " tag="310"><subfield code="a">Daily</subfield></datafield><datafield ind1="0" ind2=" " tag="362"><subfield code="a">Vol. 1, no. 1 (Dec. 1, 1979)-v. 1, no. 182 (May 30, 1980).</subfield></datafield><datafield ind1=" " ind2=" " tag="500"><subfield code="a">"Your community newspaper."</subfield></datafield><datafield ind1=" " ind2=" " tag="530"><subfield code="a">Also available on microfilm from Library of Congress Photoduplication Service.</subfield></datafield><datafield ind1=" " ind2="0" tag="651"><subfield code="a">Guam</subfield><subfield code="v">Newspapers.</subfield></datafield><datafield ind1=" " ind2="7" tag="655"><subfield code="a">Newspapers.</subfield><subfield code="2">fast</subfield><subfield code="0">(OCoLC)fst01423814</subfield></datafield><datafield ind1=" " ind2="7" tag="651"><subfield code="a">Guam.</subfield><subfield code="2">fast</subfield><subfield code="0">(OCoLC)fst01202671</subfield></datafield><datafield ind1=" " ind2=" " tag="752"><subfield code="a">United States</subfield><subfield code="b">Marianas Islands</subfield><subfield code="c">Guam</subfield><subfield code="d">Haga&#778;tn&#771;a.</subfield></datafield><datafield ind1="1" ind2=" " tag="776"><subfield code="c">Microfilm</subfield><subfield code="d">Library of Congress, Preservation Microfilming Program</subfield><subfield code="w">(DLC)  2010218052</subfield><subfield code="w">(OCoLC)520700666</subfield></datafield><datafield ind1=" " ind2=" " tag="936"><subfield code="a">May 13, 1980</subfield></datafield></record>